@article{Hoy2015,
    author = {Michael Hoy and Alexey S. Matveev and Andrey V. Savkin},
    title = {Algorithms for collision-free navigation of mobile robots in complex cluttered environments: a survey},
    journal = {Robotica},
    volume = {33},
    pages = {463--497},
    year = {2015},
    publisher = {Cambridge University Press},
    doi = {10.1017/S0263574714000289}
}

@book{Liu2012,
    author    = {Jinkun Liu},
    title     = {MATLAB Simulation for Sliding Mode Control},
    year      = {2012},
    publisher = {Tsinghua University Press},
    address   = {Beijing, China},
    note      = {In Chinese}
}

@article{Matveev2012,
    author = {Alexey S. Matveev and Chao Wang and Andrey V. Savkin},
    title = {Real-time navigation of mobile robots in problems of border patrolling and avoiding collisions with moving and deforming obstacles},
    journal = {Robotics and Autonomous Systems},
    volume = {60},
    pages = {769--788},
    year = {2012},
    publisher = {Elsevier},
    doi = {10.1016/j.robot.2012.03.004}
}

@article{Fiorini1998,
  author = {P. Fiorini and Z. Shiller},
  title = {Motion planning in dynamic environments using velocity obstacles},
  journal = {International Journal of Robotics Research},
  volume = {17},
  pages = {760--772},
  year = {1998}
}

@article{Mayne2014,
  author = {J. B. Rawlings and D. Q. Mayne and M. M. Diehl},
  title = {Robust Model Predictive Control: A Survey},
  journal = {Annual Reviews in Control},
  volume = {38},
  number = {1},
  pages = {112--123},
  year = {2014},
  doi = {10.1016/j.arcontrol.2014.09.001}
}

@article{Edwards2000,
  author = {C. Edwards and S. Spurgeon},
  title = {Sliding Mode Control for Gradient Tracking and Robot Navigation Using Artificial Potential Fields},
  journal = {IEEE Transactions on Control Systems Technology},
  volume = {8},
  number = {6},
  pages = {1126--1133},
  year = {2000},
  doi = {10.1109/87.880661}
}

@article{Sarkar2009,
  author = {R. Sarkar and I. Kar},
  title = {Formation of Multiple Groups of Mobile Robots Using Sliding Mode Control},
  journal = {IEEE Transactions on Industrial Electronics},
  volume = {56},
  number = {5},
  pages = {1401--1412},
  year = {2009},
  doi = {10.1109/TIE.2008.2011348}
}

@article{Fiorini1998,
  author = {P. Fiorini and Z. Shiller},
  title = {The Velocity Obstacle Approach to Motion Planning},
  journal = {IEEE Transactions on Robotics and Automation},
  volume = {14},
  number = {4},
  pages = {560--569},
  year = {1998},
  doi = {10.1109/70.704229}
}

@inproceedings{Bareiss2015,
  author = {H. Bareiss and J. van den Berg},
  title = {3D Collision Avoidance for UAVs Using Velocity Obstacle Method},
  booktitle = {International Conference on Intelligent Robots and Systems (IROS)},
  pages = {3383--3390},
  year = {2015},
  doi = {10.1109/IROS.2015.7353863}
}

@article{Kim2000,
  author = {J. Kim and P. Khosla},
  title = {Harmonic Potential Field Approach to Path Planning},
  journal = {International Journal of Robotics Research},
  volume = {8},
  number = {5},
  pages = {381--393},
  year = {2000},
  doi = {10.1177/027836490200800503}
}

@article{Ge2000,
  author = {S. Ge and Y. Cui},
  title = {A New Potential Field Method for Mobile Robot Path Planning in the Presence of Moving Obstacles},
  journal = {IEEE Transactions on Robotics and Automation},
  volume = {16},
  number = {5},
  pages = {615--620},
  year = {2000},
  doi = {10.1109/70.897777}
}

@article{Lumelsky1991,
  author = {V. Lumelsky and T. A. Stepanov},
  title = {The Bug Family of Autonomous Mobile Robot Navigation Algorithms},
  journal = {IEEE Transactions on Robotics and Automation},
  volume = {7},
  number = {1},
  pages = {25--40},
  year = {1991},
  doi = {10.1109/70.75823}
}

@article{Turpin2014,
  author = {M. Turpin and N. Michael and V. Kumar},
  title = {Hierarchical Model Predictive Control for Multi-Robot Navigation},
  journal = {International Journal of Robotics Research},
  volume = {33},
  number = {7},
  pages = {874--894},
  year = {2014},
  doi = {10.1177/0278364914531092}
}

@article{Dunbar2006,
  author = {W. Dunbar and R. M. Murray},
  title = {Decentralized Multi-Robot Navigation Using Networked Model Predictive Control},
  journal = {International Journal of Robotics Research},
  volume = {25},
  number = {7},
  pages = {675--694},
  year = {2006},
  doi = {10.1177/0278364906067181}
}
